<record><leader>00000cas a2200000 a 4500</leader><controlfield tag="001">11224305</controlfield><controlfield tag="008">841003d18831909couwr ne      0    0eng d</controlfield><datafield ind1=" " ind2=" " tag="010"><subfield code="a">sn 86066910 </subfield></datafield><datafield ind1=" " ind2=" " tag="040"><subfield code="a">COG</subfield><subfield code="b">eng</subfield><subfield code="c">COG</subfield><subfield code="d">NPT</subfield><subfield code="d">CNQ</subfield><subfield code="d">OCL</subfield><subfield code="d">OCLCQ</subfield></datafield><datafield ind1=" " ind2=" " tag="042"><subfield code="a">msc</subfield></datafield><datafield ind1="0" ind2=" " tag="130"><subfield code="a">Summit County journal (Breckenridge, Colo. : 1883)</subfield></datafield><datafield ind1="1" ind2="4" tag="245"><subfield code="a">The Summit County journal.</subfield></datafield><datafield ind1=" " ind2=" " tag="260"><subfield code="a">Breckenridge, Colo. :</subfield><subfield code="b">Cooper Fincher</subfield></datafield><datafield ind1=" " ind2=" " tag="300"><subfield code="a">v.</subfield></datafield><datafield ind1=" " ind2=" " tag="310"><subfield code="a">Weekly</subfield></datafield><datafield ind1="1" ind2=" " tag="362"><subfield code="a">Began Aug. 4, 1883.</subfield></datafield><datafield ind1="0" ind2=" " tag="362"><subfield code="a">-v. 30, no. 10 (Sept. 25, 1909).</subfield></datafield><datafield ind1=" " ind2=" " tag="588"><subfield code="a">Description based on: Vol. 1, no. 2 (Aug. 11, 1883).</subfield></datafield><datafield ind1=" " ind2=" " tag="752"><subfield code="a">United States</subfield><subfield code="b">Colorado</subfield><subfield code="c">Summit</subfield><subfield code="d">Breckenridge.</subfield></datafield><datafield ind1="0" ind2=" " tag="775"><subfield code="t">Daily journal (Breckenridge, Colo. : 1880)</subfield><subfield code="w">(DLC)sn 85067300</subfield></datafield><datafield ind1="0" ind2="7" tag="785"><subfield code="t">Breckenridge bulletin (Breckenridge, Colo.)</subfield><subfield code="w">(DLC)sn 89052146</subfield></datafield><datafield ind1="0" ind2="7" tag="785"><subfield code="t">Summit County journal and Breckenridge bulletin</subfield><subfield code="w">(DLC)sn 89052157</subfield></datafield></record>